@Misc{example,
    author = {author},
    title = {title},
    howpublished = {[online]},
    year = {rev. 2022},
    note = {[vid. 2022-12-02]},
    url = {https://google.com},
}
